@article{parisot2017spectral, 
  title={Spectral Graph Convolutions on Population Graphs for Disease Prediction}, 
  author={Sarah Parisot and Sofia Ira Ktena and Enzo Ferrante and Matthew Lee and Riccardo Guerrero Moreno and Ben Glocker and Daniel Rueckert}, 
  journal={MICCAI}, 
  year={2017} 
}

@article{parisot2018disease,
    author =       "Sarah Parisot and Sofia Ira Ktena and Enzo Ferrante and  Matthew Lee and Ricardo Guerrero and Ben Glocker and Daniel Rueckert",
    title =        "Disease prediction using graph convolutional networks: Application to {Autism Spectrum Disorder} and {Alzheimerâ€™s} disease",
    journal =      "Medical Image Analysis",
    volume =       "48",
    pages =        "117-130",
    year =         "2018",
    month =        "August",
    DOI =          "https://doi.org/10.1016/j.media.2018.06.001",
    publisher =    "Elsevier"
}

@inproceedings{kipf2017semi,
  title={Semi-Supervised Classification with Graph Convolutional Networks},
  author={Thomas N. Kipf and Max Welling},
  booktitle={International Conference on Learning Representations (ICLR)},
  year={2017}
}